
@online{hak5rubberducky,
  author = {Hak5},
  title = {Hak5 USB Rubber Ducky Documentation},
publisher = {Hak5},
  note = {Available: \url{https://docs.hak5.org/hak5-usb-rubber-ducky}. Accessed: Mar 7, 2024.},
  
}

@online{hakp,
  author = {Hak5},
  title = {Payload Studio Document},
publisher = {Hak5},
  note = {Available: \url{https://docs.hak5.org/payload-studio}. Accessed: Mar 8, 2024.},
  
}

@online{gcfglobal,
  author = {GCFGlobal},
  title = {Navigating Windows,},
publisher = {edu.gcfglobal.org},
  note = {Available: \url{https://edu.gcfglobal.org/en/windowsbasics/navigating-windows/1/. }. Accessed: Mar 7, 2024.},
  
}

@online{Webopedia,
  author = {Webopedia},
  title = {Windows Operating System History},
publisher = {webopedia.com},
  note = {Available: \url{https://www.webopedia.com/definitions/windows-operating-system-history/.  }. Accessed: Mar 9, 2024.},
  
}

@online{linux,
  author = {Linux Foundation},
  title = {What is Linux? },
publisher = {linux.com},
  note = {Available: \url{https://www.linux.com/what-is-linux/  }. Accessed: Mar 10, 2024.},
  
}

@online{ubuntu,
  author = {Canonical},
  title = {Ubuntu },
publisher = {ubuntu.com},
  note = {Available: \url{https://ubuntu.com/ }. Accessed: Mar 10, 2024.},
  
}

@online{metasploit,
  author = {Rapid7},
  title = {Metasploit },
  publisher = {freecodecamp.org},
  note = {Available: \url{https://www.freecodecamp.org/news/bash-scripting-tutorial-linux-shell-script-and-command-line-for-beginners/#pre-requisites }. Accessed: Mar 10, 2024.},
  
}

@online{bash1,
  author = {freeCodeCamp},
  title = {Bash Scripting Tutorial: Linux Shell Script and Command Line for Beginners },
  publisher = {metasploit.com},
  note = {Available: \url{https://www.metasploit.com/ }. Accessed: Mar 10, 2024.},
  
}

@online{bash2,
  author = {phoenixNAP},
  title = {Bash Commands },
  publisher = {phoenixnap.com},
  note = {Available: \url{https://phoenixnap.com/kb/bash-commands }. Accessed: Mar 10, 2024.},
  
}

@online{Cloudflare,
  author = {Cloudflare},
  title = {What is Penetration Testing?},
  publisher = {cloudflare.com},
  note = {Available: \url{https://www.cloudflare.com/learning/security/glossary/what-is-penetration-testing/ }. Accessed: Mar 10, 2024.},
  
}

@online{Imperva,
  author = {Imperva},
  title = {Penetration Testing },
  publisher = {imperva.com},
  note = {Available: \url{https://www.imperva.com/learn/application-security/penetration-testing/}. Accessed: Mar 10, 2024.},
  
}

@online{HackerOne,
  author = {Imperva},
  title = {What is Penetration Testing? How Does it Work? Step by Step},
  publisher = {hackerone.com},
  note = {Available: \url{https://www.hackerone.com/knowledge-center/what-penetration-testing-how-does-it-work-step-step}. Accessed: Mar 10, 2024.},
  
}

@online{IBM,
  author = {IBM},
  title = {Penetration Testing },
  publisher = {imperva.com},
  note = {Available: \url{https://www.ibm.com/topics/penetration-testing}. Accessed: Mar 10, 2024.},
  
}

@online{OpenAI,
  author = {OpenAI},
  title = {ChatGPT },
  publisher = {imperva.com},
  note = {Available: \url{https://openai.com/chatgpt}. Accessed: Mar 10, 2024.},
  
}